@article{erlang,
author="Erlang, A. K.",
title="Solution of some problems in the theory of probabilities of significance in automatic telephone exchanges",
journal="Post Office Electrical Engineer's Journal",
ISSN="",
publisher="",
year="1917",
month="",
volume="10",
number="",
pages="189-197",
URL="https://ci.nii.ac.jp/naid/10004481896/en/",
DOI="",
}
@article{newsvendor,
author = {Harrison, J. Michael and Zeevi, Assaf},
title = {A Method for Staffing Large Call Centers Based on Stochastic Fluid Models},
year = {2005},
issue_date = {January 2005},
publisher = {INFORMS},
address = {Linthicum, MD, USA},
volume = {7},
number = {1},
issn = {1526-5498},
url = {https://doi.org/10.1287/msom.1040.0052},
doi = {10.1287/msom.1040.0052},
journal = {Manufacturing & Service Operations Management},
month = jan,
pages = {20–36},
numpages = {17},
keywords = {Multidimensional newsvendor, Call centers, Capacity sizing, Fluid analysis, Random environment, Nonstationarity, Queueing, Stochastic programming}
}
@article{whitt,
  title={Staffing a Call Center with Uncertain Arrival Rate and Absenteeism},
  author={W. Whitt},
  journal={Production and Operations Management},
  year={2006},
  volume={15},
  pages={88-102}
}
@article{qedRegime,
author = {Halfin, Shlomo and Whitt, Ward},
year = {1981},
month = {06},
pages = {567-588},
title = {Heavy-Traffic Limits for Queues with Many Exponential Servers},
volume = {29},
journal = {Operations Research},
doi = {10.1287/opre.29.3.567}
}
@article{bassamboo,
author = {Bassamboo, Achal and Randhawa, Ramandeep and Zeevi, Assaf},
year = {2010},
month = {10},
pages = {1668-1686},
title = {Capacity Sizing Under Parameter Uncertainty: Safety Staffing Principles Revisited},
volume = {56},
journal = {Management Science},
doi = {10.1287/mnsc.1100.1203}
}
@book{basics,
author ={John F. Shortle and James M. Thompson and Donald Gross and Carl M. Harris},
year={2018},
pages={77-89},
title={Fundamentals of Queueing theory},
publisher={Wiley Series In Probability And Statistics},
volume={5}
}
@article{ibrahim,
author={Rouba Ibrahim},
year={2017},
month={8},
pages={9-16},
title={Managing Queueing Systems Where Capacity Is Random
and Customers Are Impatient},
journal={Production and Operations Management},
doi={10.1111/poms.12796}
}
@article{fluid_self,
author={Ward Whitt},
year={2006},
month={1},
title={Fluid Models for Multiserver Queues
with Abandonments},
journal = {Operations Research},
volume={54}
}
@article{dong,
author = {Dong, Jing and Ibrahim, Rouba},
title = {Managing Supply in the On-Demand Economy: Flexible Workers, Full-Time Employees, or Both?},
year = {2020},
issue_date = {July-August 2020},
publisher = {INFORMS},
address = {Linthicum, MD, USA},
volume = {68},
number = {4},
issn = {0030-364X},
url = {https://doi.org/10.1287/opre.2019.1916},
doi = {10.1287/opre.2019.1916},
journal = {Oper. Res.},
month = jul,
pages = {1238–1264},
numpages = {27},
keywords = {Stochastic Models, sharing economy, many-server queues, on-demand workforce, industries: business services, queues: applications, approximations, random capacity}
}